%% This BibTeX bibliography file was created using BibDesk.
%% http://bibdesk.sourceforge.net/

%% Saved with string encoding Unicode (UTF-8)



@book{App88,
  author    = {Appel, A. W.},
  editor    = {},
  publisher = {Cambridge University Press},
  title     = {Modern Compiler Implementation in ML},
  year      = {1988}
}

@misc{C_grammar,
  author = {Jeff Lee},
  editor = {Jutta Degener},
  title = {ANSI C Grammar},
  url = {https://www.lysator.liu.se/c/ANSI-C-grammar-l.html},
  lastchecked = {1995},
  year = {April 30, 1985}
}

@article{cConst,
	author = {Dr. Nwanze Ashioba and Ndubuife Nonso Daniel},
  journal = {International Journal of Scientific \& Engineering Research},
	month = {August},
	title = {Compiler Construction Detail Design},
	volume = {12},
	year = {2021},
  isbn = {2229-5518}}

@book{levine_J,
  author    = {John R. Levine},
  editor    = {Simon St.Laurent},
  publisher = {O"Reilly Media, Inc.},
  title     = {flex \& bison},
  year      = {2009},
  isbn      = {978-0-596-15597-1}
}

@article{Mic_jon,
  author = {Michael, Coblenz and Jonathan, Aldrich and Brad, A. Myers and Joshua, Sunshine},
  journal = {Onward!},
  number = {},
  title = {Interdisciplinary Programming Language Design},
  volume  = {18},
  year  = {November 8, 2018}
}

@thesis{modrnCOm,
	author = {Dick Grune},
	publisher = {Springer Science+Business Media New York},
	title = {Modern Compiler Design},
  doi={10.1007/978-1-4614-4699-6},
	year = {2012}}

@book{muc97,
  author    = {MUCHNICK, S. S.},
  editor    = {},
  publisher = {Morgan Kaufmann Publishers},
  title     = {Advanced Compiler Design and Implementation.},
  year      = {1997}
}

@book{pri_b,
  author    = {Alfred, V. Aho. and Monica, S. L. and Ravi, S. and Jeffrey, D. Ullman},
  publisher = {Pearson Addison-Wesley},
  title     = {Compilers: Principles, techniques, and Tools},
  year      = {2007}
}


@article{pri_p,
  author  = {Abdulaziz Ghuloum},
  journal = {International Conference on Functional Programming (ICFP)},
  number  = {},
  title   = {An Incremental Approach to Compiler Construction},
  volume  = {},
  year    = {Sept 17, 2006}
}


@article{wu_di,
  author={Wu, Di and Chen, Lin and Yu, Bin and Xu, Baowen},
  journal={2014 11th Web Information System and Application Conference},
  title={The Design of the SIMPLE Programming Language},
  year={2014},
  volume={},
  number={},
  pages={69-74},
  doi={10.1109/WISA.2014.21}}
